@book{Neumann2003,
author = {Neumann, Klaus and Schwindt, Christoph and Zimmermann, J\"{u}rgen},
booktitle = {European Journal Of Operational Research},
isbn = {3540401253},
pages = {325--343},
publisher = {Springer},
title = {{Project scheduling with time windows and scarce resources}},
url = {http://swbplus.bsz-bw.de/bsz108699773inh.htm},
volume = {149},
year = {2003}
}
@article{Hartmann2012,
author = {Hartmann, S\"{o}nke},
doi = {10.1007/s10696-012-9141-8},
file = {:C$\backslash$:/Users/a.schnabel/Dropbox/Arbeit/Scheduling/RCPSP-OC/DoWoNo-Vortrag/Literatur/art\%3A10.1007\%2Fs10696-012-9141-8.pdf:pdf},
issn = {1936-6582},
journal = {Flexible Services and Manufacturing Journal},
keywords = {project management \'{a} project,resource constraints \'{a} priority,rule \'{a} tournament heuristic,scheduling \'{a} temporal constraints,\'{a},\'{a} computational results \'{a}},
month = feb,
number = {1-2},
pages = {74--93},
title = {{Project scheduling with resource capacities and requests varying with time: a case study}},
url = {http://link.springer.com/10.1007/s10696-012-9141-8},
volume = {25},
year = {2012}
}
@article{Ranjbar2010,
author = {Ranjbar, M and Kianfar, F},
file = {:C$\backslash$:/Users/a.schnabel/Dropbox/Arbeit/Scheduling/RCPSP-OC/DoWoNo-Vortrag/Literatur/95520101E05.pdf:pdf},
journal = {Scientia Iranica, Transaction E: Industrial Engineering, Vol. 17, No. 1 pp. 25-35},
keywords = {GENETIC ALGORITHM,HEURISTIC,PROJECT SCHEDULING,genetic algorithm,heuristic,project scheduling},
number = {1},
pages = {25--35},
title = {{Resource-Constrained Project Scheduling Problem with Flexible Work Profiles: A Genetic Algorithm Approach}},
url = {http://www.sid.ir/en/VEWSSID/J\_pdf/95520101E05.pdf},
volume = {17},
year = {2010}
}
@article{Mohring1984,
author = {M\"{o}hring, RH},
file = {:C$\backslash$:/Users/a.schnabel/Dropbox/Arbeit/Scheduling/RCPSP-OC/DoWoNo-Vortrag/Literatur/7e9626ea-9f3c-4e5a-b240-c4f74f2467b3.pdf:pdf},
journal = {Operations Research},
number = {1},
pages = {89--120},
title = {{Minimizing costs of resource requirements in project networks subject to a fixed completion time}},
url = {http://pubsonline.informs.org/doi/abs/10.1287/opre.32.1.89},
volume = {32},
year = {1984}
}
@article{Kolisch2006,
author = {Kolisch, Rainer and Hartmann, S\"{o}nke},
doi = {10.1016/j.ejor.2005.01.065},
file = {:C$\backslash$:/Users/a.schnabel/Dropbox/Arbeit/Scheduling/RCPSP-OC/DoWoNo-Vortrag/Literatur/1-s2.0-S0377221705002596-main.pdf:pdf},
issn = {03772217},
journal = {European Journal of Operational Research},
keywords = {computational evaluation,heuristics,project scheduling,resource constraints},
month = oct,
number = {1},
pages = {23--37},
title = {{Experimental investigation of heuristics for resource-constrained project scheduling: An update}},
url = {http://linkinghub.elsevier.com/retrieve/pii/S0377221705002596},
volume = {174},
year = {2006}
}
@article{Demeulemeester1996,
author = {Demeulemeester, Erik L. and Herroelen, Willy S. and Elmaghraby, Salah E.},
doi = {10.1016/0377-2217(94)00181-2},
file = {:C$\backslash$:/Users/a.schnabel/Dropbox/Arbeit/Scheduling/RCPSP-OC/DoWoNo-Vortrag/Literatur/1-s2.0-0377221794001812-main.pdf:pdf},
issn = {03772217},
journal = {European Journal of Operational Research},
keywords = {cost trade-off,dynamic programming,programming,project management,resource constraints,time},
month = jan,
number = {1},
pages = {50--68},
title = {{Optimal procedures for the discrete time/cost trade-off problem in project networks}},
url = {http://linkinghub.elsevier.com/retrieve/pii/0377221794001812},
volume = {88},
year = {1996}
}
@article{Klein2000,
author = {Klein, Robert},
doi = {10.1080/00207540050176094},
file = {:C$\backslash$:/Users/a.schnabel/Dropbox/Arbeit/Scheduling/RCPSP-OC/DoWoNo-Vortrag/Literatur/00207540050176094.pdf:pdf},
issn = {0020-7543},
journal = {International Journal of Production Research},
month = nov,
number = {16},
pages = {3937--3952},
title = {{Project scheduling with time-varying resource constraints}},
url = {http://www.tandfonline.com/doi/abs/10.1080/00207540050176094},
volume = {38},
year = {2000}
}
